<collection xmlns="http://www.loc.gov/MARC21/slim">
<record>
  <leader>01484nam0a2200289 i 450 </leader>
  <controlfield tag="001">IT\ICCU\CNCE\073368</controlfield>
  <controlfield tag="005">20121218000000.0</controlfield>
  <datafield tag="012" ind1=" " ind2=" ">
    <subfield code="a">t.as rae. r.r. r.nt (C) 1523 (R)</subfield>
    <subfield code="2">fei</subfield>
  </datafield>
  <datafield tag="100" ind1=" " ind2=" ">
    <subfield code="a">20080912d1523        0itac0103    ba</subfield>
  </datafield>
  <datafield tag="101" ind1=" " ind2=" ">
    <subfield code="a">LAT</subfield>
  </datafield>
  <datafield tag="102" ind1=" " ind2=" ">
    <subfield code="a">IT</subfield>
  </datafield>
  <datafield tag="200" ind1="1" ind2=" ">
    <subfield code="a">℗Pacificus Maximus poeta Asculanus ℗Ioanni Fatali Salualio</subfield>
  </datafield>
  <datafield tag="210" ind1=" " ind2=" ">
    <subfield code="e">Camerini</subfield>
    <subfield code="g">Ioannes Iacobus de Benedictis Bononiensis excudebat</subfield>
    <subfield code="g">suis &amp; Lodouici Placidi Camertis socii sumptibus</subfield>
    <subfield code="h">anno Domini 1523 die XXI Iulii</subfield>
  </datafield>
  <datafield tag="215" ind1=" " ind2=" ">
    <subfield code="a">\8! c.</subfield>
    <subfield code="d">4ʻ</subfield>
  </datafield>
  <datafield tag="620" ind1=" " ind2=" ">
    <subfield code="a">IT</subfield>
    <subfield code="d">Camerino</subfield>
  </datafield>
  <datafield tag="700" ind1=" " ind2="1">
    <subfield code="a">Massimi,</subfield>
    <subfield code="b">Pacifico</subfield>
    <subfield code="3">IT\ICCU\CNCA\009533</subfield>
  </datafield>
  <datafield tag="712" ind1="0" ind2="0">
    <subfield code="a">Benedetti, Giovanni Giacomo</subfield>
    <subfield code="3">IT\ICCU\CNCT\002353</subfield>
    <subfield code="4">650</subfield>
  </datafield>
  <datafield tag="712" ind1="0" ind2="0">
    <subfield code="a">Benedetti, Giovanni Giacomo &amp; Placidio, Luigi</subfield>
    <subfield code="3">IT\ICCU\CNCT\003226</subfield>
    <subfield code="4">650</subfield>
  </datafield>
  <datafield tag="790" ind1=" " ind2="1">
    <subfield code="a">Massimo,</subfield>
    <subfield code="b">Pacifico</subfield>
    <subfield code="3">IT\ICCU\CNCA\020812</subfield>
    <subfield code="z">Massimi, Pacifico</subfield>
  </datafield>
  <datafield tag="790" ind1=" " ind2="1">
    <subfield code="a">Maximus,</subfield>
    <subfield code="b">Pacificus</subfield>
    <subfield code="3">IT\ICCU\CNCA\020813</subfield>
    <subfield code="z">Massimi, Pacifico</subfield>
  </datafield>
  <datafield tag="791" ind1="0" ind2="0">
    <subfield code="a">Benedictis, Ioannes Iacopus de</subfield>
    <subfield code="3">IT\ICCU\CNCT\004332</subfield>
    <subfield code="z">Benedetti, Giovanni Giacomo</subfield>
  </datafield>
  <datafield tag="791" ind1="0" ind2="0">
    <subfield code="a">Benedictus, Ioannes Iacopus</subfield>
    <subfield code="3">IT\ICCU\CNCT\004333</subfield>
    <subfield code="z">Benedetti, Giovanni Giacomo</subfield>
  </datafield>
  <datafield tag="791" ind1="0" ind2="0">
    <subfield code="a">Placidio, Luigi</subfield>
    <subfield code="3">IT\ICCU\CNCT\003227</subfield>
    <subfield code="z">Benedetti, Giovanni Giacomo &amp; Placidio, Luigi</subfield>
  </datafield>
  <datafield tag="801" ind1=" " ind2="3">
    <subfield code="a">IT</subfield>
    <subfield code="b">ICCU</subfield>
    <subfield code="c">20201115</subfield>
  </datafield>
  <datafield tag="899" ind1=" " ind2=" ">
    <subfield code="a">Biblioteca comunale Teresiana. Mantova</subfield>
    <subfield code="1">MN0035</subfield>
    <subfield code="2">LO1 12</subfield>
  </datafield>
  <datafield tag="911" ind1=" " ind2=" ">
    <subfield code="a">nel coloph.</subfield>
    <subfield code="9">IT\ICCU\CNCM\000533</subfield>
  </datafield>
  <datafield tag="921" ind1=" " ind2=" ">
    <subfield code="a">IT\ICCU\CNCM\000533</subfield>
    <subfield code="b">Cerchio (all&apos;interno un labirinto) con croce doppia e iniziali C.O.</subfield>
    <subfield code="c">K25</subfield>
    <subfield code="f">CERCHIO</subfield>
    <subfield code="f">CO</subfield>
    <subfield code="f">CROCE</subfield>
    <subfield code="f">LABIRINTO</subfield>
    <subfield code="g">1523</subfield>
  </datafield>
</record>
</collection>
